
@article{carrasco_kind_sparse_2014,
	title = {Sparse representation of photometric redshift probability density functions: preparing for petascale astronomy},
	volume = {441},
	issn = {0035-8711},
	shorttitle = {Sparse representation of photometric redshift probability density functions},
	url = {https://academic.oup.com/mnras/article/441/4/3550/1229381/Sparse-representation-of-photometric-redshift},
	doi = {10.1093/mnras/stu827},
	number = {4},
	journal = {Mon Not R Astron Soc},
	author = {Carrasco Kind, Matias and Brunner, Robert J.},
	month = jul,
	year = {2014},
	pages = {3550--3561},
}

@article{krause_dark_2017,
	title = {Dark {Energy} {Survey} {Year} 1 {Results}: {Multi}-{Probe} {Methodology} and {Simulated} {Likelihood} {Analyses}},
	shorttitle = {Dark {Energy} {Survey} {Year} 1 {Results}},
	url = {http://arxiv.org/abs/1706.09359},
	journal = {arXiv:1706.09359 [astro-ph]},
	author = {Krause, E. and Eifler, T. F. and Zuntz, J. and Friedrich, O. and Troxel, M. A. and Dodelson, S. and Blazek, J. and Secco, L. F. and MacCrann, N. and Baxter, E. and Chang, C. and Chen, N. and Crocce, M. and DeRose, J. and Ferte, A. and Kokron, N. and Lacasa, F. and Miranda, V. and Omori, Y. and Porredon, A. and Rosenfeld, R. and Samuroff, S. and Wang, M. and Wechsler, R. H. and Abbott, T. M. C. and Abdalla, F. B. and Allam, S. and Annis, J. and Bechtol, K. and Benoit-Levy, A. and Bernstein, G. M. and Brooks, D. and Burke, D. L. and Capozzi, D. and Kind, M. Carrasco and Carretero, J. and D'Andrea, C. B. and da Costa, L. N. and Davis, C. and DePoy, D. L. and Desai, S. and Diehl, H. T. and Dietrich, J. P. and Evrard, A. E. and Flaugher, B. and Fosalba, P. and Frieman, J. and Garcia-Bellido, J. and Gaztanaga, E. and Giannantonio, T. and Gruen, D. and Gruendl, R. A. and Gschwend, J. and Gutierrez, G. and Honscheid, K. and James, D. J. and Jeltema, T. and Kuehn, K. and Kuhlmann, S. and Lahav, O. and Lima, M. and Maia, M. A. G. and March, M. and Marshall, J. L. and Martini, P. and Menanteau, F. and Miquel, R. and Nichol, R. C. and Plazas, A. A. and Romer, A. K. and Rykoff, E. S. and Sanchez, E. and Scarpine, V. and Schindler, R. and Schubnell, M. and Sevilla-Noarbe, I. and Smith, M. and Soares-Santos, M. and Sobreira, F. and Suchyta, E. and Swanson, M. E. C. and Tarle, G. and Tucker, D. L. and Vikram, V. and Walker, A. R. and Weller, J.},
	month = jun,
	year = {2017},
	note = {arXiv: 1706.09359},
}

@article{tanaka_photometric_2017,
	title = {Photometric {Redshifts} for {Hyper} {Suprime}-{Cam} {Subaru} {Strategic} {Program} {Data} {Release} 1},
	url = {http://arxiv.org/abs/1704.05988},
	journal = {arXiv:1704.05988 [astro-ph]},
	author = {Tanaka, Masayuki and Coupon, Jean and Hsieh, Bau-Ching and Mineo, Sogo and Nishizawa, Atsushi J. and Speagle, Joshua and Furusawa, Hisanori and Miyazaki, Satoshi and Murayama, Hitoshi},
	month = apr,
	year = {2017},
	note = {arXiv: 1704.05988},
}

@article{benitez_bayesian_2000,
	title = {Bayesian {Photometric} {Redshift} {Estimation}},
	volume = {536},
	issn = {0004-637X},
	url = {http://stacks.iop.org/0004-637X/536/i=2/a=571},
	doi = {10.1086/308947},
	language = {en},
	number = {2},
	journal = {ApJ},
	author = {Ben{\'i}tez, Narciso},
	year = {2000},
	pages = {571},
}

@article{sheldon_photometric_2012,
	title = {Photometric {Redshift} {Probability} {Distributions} for {Galaxies} in the {SDSS} {DR}8},
	volume = {201},
	issn = {0067-0049},
	url = {http://stacks.iop.org/0067-0049/201/i=2/a=32},
	doi = {10.1088/0067-0049/201/2/32},
	language = {en},
	number = {2},
	journal = {ApJS},
	author = {Sheldon, Erin S. and Cunha, Carlos E. and Mandelbaum, Rachel and Brinkmann, J. and Weaver, Benjamin A.},
	year = {2012},
	pages = {32},
}

@article{myers_incorporating_2009,
	title = {Incorporating photometric redshift probability density information into real-space clustering measurements},
	volume = {399},
	issn = {0035-8711},
	url = {https://academic.oup.com/mnras/article/399/4/2279/1037682/Incorporating-photometric-redshift-probability},
	doi = {10.1111/j.1365-2966.2009.15432.x},
	number = {4},
	journal = {Mon Not R Astron Soc},
	author = {Myers, Adam D. and White, Martin and Ball, Nicholas M.},
	month = nov,
	year = {2009},
	pages = {2279--2287},
}

@article{gonzalez-perez_how_2014,
	title = {How sensitive are predicted galaxy luminosities to the choice of stellar population synthesis model?},
	volume = {439},
	issn = {0035-8711},
	url = {https://academic.oup.com/mnras/article/439/1/264/971853/How-sensitive-are-predicted-galaxy-luminosities-to},
	doi = {10.1093/mnras/stt2410},
	number = {1},
	journal = {Mon Not R Astron Soc},
	author = {Gonzalez-Perez, V. and Lacey, C. G. and Baugh, C. M. and Lagos, C. D. P. and Helly, J. and Campbell, D. J. R. and Mitchell, P. D.},
	month = mar,
	year = {2014},
	pages = {264--283},
}

@article{ivezic_lsst:_2008,
	title = {{LSST}: from {Science} {Drivers} to {Reference} {Design} and {Anticipated} {Data} {Products}},
	shorttitle = {{LSST}},
	url = {http://arxiv.org/abs/0805.2366},
	journal = {arXiv:0805.2366 [astro-ph]},
	author = {Ivezi{\'c}, {\v Z}eljko and Tyson, J. A. and Abel, B. and Acosta, E. and Allsman, R. and AlSayyad, Y. and Anderson, S. F. and Andrew, J. and Angel, R. and Angeli, G. and Ansari, R. and Antilogus, P. and Arndt, K. T. and Astier, P. and Aubourg, E. and Axelrod, T. and Bard, D. J. and Barr, J. D. and Barrau, A. and Bartlett, J. G. and Bauman, B. J. and Beaumont, S. and Becker, A. C. and Becla, J. and Beldica, C. and Bellavia, S. and Blanc, G. and Blandford, R. D. and Bloom, J. S. and Bogart, J. and Borne, K. and Bosch, J. F. and Boutigny, D. and Brandt, W. N. and Brown, M. E. and Bullock, J. S. and Burchat, P. and Burke, D. L. and Cagnoli, G. and Calabrese, D. and Chandrasekharan, S. and Chesley, S. and Cheu, E. C. and Chiang, J. and Claver, C. F. and Connolly, A. J. and Cook, K. H. and Cooray, A. and Covey, K. R. and Cribbs, C. and Cui, W. and Cutri, R. and Daubard, G. and Daues, G. and Delgado, F. and Digel, S. and Doherty, P. and Dubois, R. and Dubois-Felsmann, G. P. and Durech, J. and Eracleous, M. and Ferguson, H. and Frank, J. and Freemon, M. and Gangler, E. and Gawiser, E. and Geary, J. C. and Gee, P. and Geha, M. and Gibson, R. R. and Gilmore, D. K. and Glanzman, T. and Goodenow, I. and Gressler, W. J. and Gris, P. and Guyonnet, A. and Hascall, P. A. and Haupt, J. and Hernandez, F. and Hogan, C. and Huang, D. and Huffer, M. E. and Innes, W. R. and Jacoby, S. H. and Jain, B. and Jee, J. and Jernigan, J. G. and Jevremovic, D. and Johns, K. and Jones, R. L. and Juramy-Gilles, C. and Juric, M. and Kahn, S. M. and Kalirai, J. S. and Kallivayalil, N. and Kalmbach, B. and Kantor, J. P. and Kasliwal, M. M. and Kessler, R. and Kirkby, D. and Knox, L. and Kotov, I. and Krabbendam, V. L. and Krughoff, S. and Kubanek, P. and Kuczewski, J. and Kulkarni, S. and Lambert, R. and Guillou, L. Le and Levine, D. and Liang, M. and Lim, K.-T. and Lintott, C. and Lupton, R. H. and Mahabal, A. and Marshall, P. and Marshall, S. and May, M. and McKercher, R. and Migliore, M. and Miller, M. and Mills, D. J. and Monet, D. G. and Moniez, M. and Neill, D. R. and Nief, J.-Y. and Nomerotski, A. and Nordby, M. and O'Connor, P. and Oliver, J. and Olivier, S. S. and Olsen, K. and Ortiz, S. and Owen, R. E. and Pain, R. and Peterson, J. R. and Petry, C. E. and Pierfederici, F. and Pietrowicz, S. and Pike, R. and Pinto, P. A. and Plante, R. and Plate, S. and Price, P. A. and Prouza, M. and Radeka, V. and Rajagopal, J. and Rasmussen, A. and Regnault, N. and Ridgway, S. T. and Ritz, S. and Rosing, W. and Roucelle, C. and Rumore, M. R. and Russo, S. and Saha, A. and Sassolas, B. and Schalk, T. L. and Schindler, R. H. and Schneider, D. P. and Schumacher, G. and Sebag, J. and Sembroski, G. H. and Seppala, L. G. and Shipsey, I. and Silvestri, N. and Smith, J. A. and Smith, R. C. and Strauss, M. A. and Stubbs, C. W. and Sweeney, D. and Szalay, A. and Takacs, P. and Thaler, J. J. and Van Berg, R. and Berk, D. Vanden and Vetter, K. and Virieux, F. and Xin, B. and Walkowicz, L. and Walter, C. W. and Wang, D. L. and Warner, M. and Willman, B. and Wittman, D. and Wolff, S. C. and Wood-Vasey, W. M. and Yoachim, P. and Zhan, H. and Collaboration, for the LSST},
	month = may,
	year = {2008},
	note = {arXiv: 0805.2366},
}

@article{merson_lightcone_2013,
	title = {Lightcone mock catalogues from semi-analytic models of galaxy formation {\textendash} {I}. {Construction} and application to the {BzK} colour selection},
	volume = {429},
	issn = {0035-8711},
	url = {https://academic.oup.com/mnras/article/429/1/556/1023267/Lightcone-mock-catalogues-from-semi-analytic},
	doi = {10.1093/mnras/sts355},
	number = {1},
	journal = {Mon Not R Astron Soc},
	author = {Merson, Alexander I. and Baugh, Carlton M. and Helly, John C. and Gonzalez-Perez, Violeta and Cole, Shaun and Bielby, Richard and Norberg, Peder and Frenk, Carlos S. and Benson, Andrew J. and Bower, Richard G. and Lacey, Cedric G. and Lagos, Claudia del P.},
	month = feb,
	year = {2013},
	pages = {556--578},
}

@article{ilbert_accurate_2006,
	title = {Accurate photometric redshifts for the {CFHT} legacy survey calibrated using the {VIMOS} {VLT} deep survey},
	volume = {457},
	copyright = {{\textcopyright} ESO, 2006},
	issn = {0004-6361, 1432-0746},
	url = {https://doi.org/10.1051/0004-6361:20065138},
	doi = {10.1051/0004-6361:20065138},
	language = {en},
	number = {3},
	journal = {A\&A},
	author = {Ilbert, O. and Arnouts, S. and McCracken, H. J. and Bolzonella, M. and Bertin, E. and F{\`e}vre, O. Le and Mellier, Y. and Zamorani, G. and Pell{\`o}, R. and Iovino, A. and Tresse, L. and Brun, V. Le and Bottini, D. and Garilli, B. and Maccagni, D. and Picat, J. P. and Scaramella, R. and Scodeggio, M. and Vettolani, G. and Zanichelli, A. and Adami, C. and Bardelli, S. and Cappi, A. and Charlot, S. and Ciliegi, P. and Contini, T. and Cucciati, O. and Foucaud, S. and Franzetti, P. and Gavignaud, I. and Guzzo, L. and Marano, B. and Marinoni, C. and Mazure, A. and Meneux, B. and Merighi, R. and Paltani, S. and Pollo, A. and Pozzetti, L. and Radovich, M. and Zucca, E. and Bondi, M. and Bongiorno, A. and Busarello, G. and Torre, S. De La and Gregorini, L. and Lamareille, F. and Mathez, G. and Merluzzi, P. and Ripepi, V. and Rizzo, D. and Vergani, D.},
	month = oct,
	year = {2006},
	pages = {841--856},
}

@misc{juric_data_2017,
	title = {Data {Products} {Definition} {Document}},
	shorttitle = {{LSE}-163},
	url = {https://docushare.lsstcorp.org/docushare/dsweb/Get/LSE-163/},
	journal = {LSST Corporation},
	author = {Juric, M. and Axelrod, T. and Becker, A. C. and Becla, J. and Bellm, E. and Bosch, J. F. and Ciardi, D. and Connolly, A. J. and Dubois-Felsmann, G. P. and Economou, F. and Freemon, M. and Gelman, M. and Graham, M. and Ivezi{\'c}, {\v Z}eljko and Jenness, T. and Kantor, J. and Krughoff, K.S. and Lim, K.-T. and Lupton, R. H. and Mueller, F. and Nidever, D. and Patterson, M. and Petravick, D. and Shaw, D. and Slater, C. and Strauss, M. and Swinbank, J. and Tyson, J. A. and Wood-Vasey, M. and Wu, X.},
	month = jul,
	year = {2017},
}

@inproceedings{mckerns_building_2012,
	title = {Building a {Framework} for {Predictive} {Science}},
	url = {http://arxiv.org/abs/1202.1056},
	booktitle = {Proceedings of the 10th {Python} in {Science} {Conference}},
	author = {McKerns, Michael M. and Strand, Leif and Sullivan, Tim and Fang, Alta and Aivazis, Michael A. G.},
	month = feb,
	year = {2012},
	note = {arXiv: 1202.1056},
}

@misc{mckerns_pathos:_2010,
	title = {pathos: a framework for heterogeneous computing},
	url = {http://trac.mystic.cacr.caltech.edu/project/pathos/wiki.html},
	author = {McKerns, Michael and Aivazis, Michael},
	year = {2010},
}

@article{graham_photometric_2017,
	title = {Photometric {Redshifts} with the {LSST}: {Evaluating} {Survey} {Observing} {Strategies}},
	shorttitle = {Photometric {Redshifts} with the {LSST}},
	url = {http://arxiv.org/abs/1706.09507},
	journal = {arXiv:1706.09507 [astro-ph]},
	author = {Graham, Melissa L. and Connolly, Andrew J. and Ivezi{\'c}, {\v Z}eljko and Schmidt, Samuel J. and Jones, R. Lynne and Juri{\'c}, Mario and Daniel, Scott F. and Yoachim, Peter},
	month = jun,
	year = {2017},
	note = {arXiv: 1706.09507},
}

@article{pizzocaro_results_2016,
	title = {Results from {DROXO}: {IV}. {EXTraS} discovery of an {X}-ray flare from the {Class} {I} protostar candidate {ISO}-{Oph} 85},
	volume = {587},
	issn = {0004-6361, 1432-0746},
	shorttitle = {Results from {DROXO}},
	url = {http://www.aanda.org/10.1051/0004-6361/201526562},
	doi = {10.1051/0004-6361/201526562},
	journal = {Astronomy \& Astrophysics},
	author = {Pizzocaro, D. and Stelzer, B. and Paladini, R. and Tiengo, A. and Lisini, G. and Novara, G. and Vianello, G. and Belfiore, A. and Marelli, M. and Salvetti, D. and Pillitteri, I. and Sciortino, S. and D{\textquoteright}Agostino, D. and Haberl, F. and Watson, M. and Wilms, J. and Salvaterra, R. and De Luca, A.},
	month = mar,
	year = {2016},
	pages = {A36},
}

@article{sun_star_2015,
	title = {{THE} {STAR} {CLUSTER} {MASS}{\textendash}{GALACTOCENTRIC} {RADIUS} {RELATION}: {IMPLICATIONS} {FOR} {CLUSTER} {FORMATION}},
	volume = {816},
	issn = {1538-4357},
	shorttitle = {{THE} {STAR} {CLUSTER} {MASS}{\textendash}{GALACTOCENTRIC} {RADIUS} {RELATION}},
	url = {http://stacks.iop.org/0004-637X/816/i=1/a=9?key=crossref.0be3aa415b148a5dd4f07aa1471f52f1},
	doi = {10.3847/0004-637X/816/1/9},
	number = {1},
	journal = {The Astrophysical Journal},
	author = {Sun, Weijia and Grijs, Richard de and Fan, Zhou and Cameron, Ewan},
	month = dec,
	year = {2015},
	pages = {9},
}

@article{de_vicente_dnf_2016,
	title = {{DNF} {\textendash} {Galaxy} photometric redshift by {Directional} {Neighbourhood} {Fitting}},
	volume = {459},
	issn = {0035-8711},
	url = {https://academic.oup.com/mnras/article/459/3/3078/2595234/DNF-Galaxy-photometric-redshift-by-Directional},
	doi = {10.1093/mnras/stw857},
	number = {3},
	journal = {Mon Not R Astron Soc},
	author = {De Vicente, J. and S{\'a}nchez, E. and Sevilla-Noarbe, I.},
	month = jul,
	year = {2016},
	pages = {3078--3088},
}

@article{cavuoti_metaphor:_2017,
	title = {{METAPHOR}: a machine-learning-based method for the probability density estimation of photometric redshifts},
	volume = {465},
	issn = {0035-8711},
	shorttitle = {{METAPHOR}},
	url = {https://academic.oup.com/mnras/article/465/2/1959/2525980/METAPHOR-a-machine-learning-based-method-for-the},
	doi = {10.1093/mnras/stw2930},
	number = {2},
	journal = {Mon Not R Astron Soc},
	author = {Cavuoti, S. and Amaro, V. and Brescia, M. and Vellucci, C. and Tortora, C. and Longo, G.},
	month = feb,
	year = {2017},
	pages = {1959--1973},
}

@article{carrasco_kind_somz:_2014,
	title = {{SOMz}: photometric redshift {PDFs} with self-organizing maps and random atlas},
	volume = {438},
	issn = {0035-8711},
	shorttitle = {{SOMz}},
	url = {https://academic.oup.com/mnras/article/438/4/3409/1108443/SOMz-photometric-redshift-PDFs-with-self},
	doi = {10.1093/mnras/stt2456},
	number = {4},
	journal = {Mon Not R Astron Soc},
	author = {Carrasco Kind, Matias and Brunner, Robert J.},
	month = mar,
	year = {2014},
	pages = {3409--3421},
}

@article{mountrichas_measuring_2013,
	title = {Measuring the dark matter halo mass of {X}-ray {AGN} at z \~{} 1 using photometric redshifts},
	volume = {430},
	issn = {0035-8711},
	url = {https://academic.oup.com/mnras/article/430/1/661/986786/Measuring-the-dark-matter-halo-mass-of-X-ray-AGN},
	doi = {10.1093/mnras/sts666},
	number = {1},
	journal = {Mon Not R Astron Soc},
	author = {Mountrichas, G. and Georgakakis, A. and Finoguenov, A. and Erfanianfar, G. and Cooper, M. C. and Coil, A. L. and Laird, E. S. and Nandra, K. and Newman, J. A.},
	month = mar,
	year = {2013},
	pages = {661--675},
}

@article{pedregosa_scikit-learn:_2011,
	title = {Scikit-learn: {Machine} learning in {Python}},
	volume = {12},
	shorttitle = {Scikit-learn},
	url = {http://www.jmlr.org/papers/v12/pedregosa11a.html},
	number = {Oct},
	journal = {Journal of Machine Learning Research},
	author = {Pedregosa, Fabian and Varoquaux, Ga{\"e}l and Gramfort, Alexandre and Michel, Vincent and Thirion, Bertrand and Grisel, Olivier and Blondel, Mathieu and Prettenhofer, Peter and Weiss, Ron and Dubourg, Vincent and {others}},
	year = {2011},
	pages = {2825--2830},
}

@article{lsst_science_collaboration_lsst_2009,
	title = {{LSST} {Science} {Book}, {Version} 2.0},
	url = {http://arxiv.org/abs/0912.0201},
	journal = {arXiv:0912.0201 [astro-ph]},
	author = {LSST Science Collaboration, the and Abell, Paul A. and Allison, Julius and Anderson, Scott F. and Andrew, John R. and Angel, J. Roger P. and Armus, Lee and Arnett, David and Asztalos, S. J. and Axelrod, Tim S. and Bailey, Stephen and Ballantyne, D. R. and Bankert, Justin R. and Barkhouse, Wayne A. and Barr, Jeffrey D. and Barrientos, L. Felipe and Barth, Aaron J. and Bartlett, James G. and Becker, Andrew C. and Becla, Jacek and Beers, Timothy C. and Bernstein, Joseph P. and Biswas, Rahul and Blanton, Michael R. and Bloom, Joshua S. and Bochanski, John J. and Boeshaar, Pat and Borne, Kirk D. and Bradac, Marusa and Brandt, W. N. and Bridge, Carrie R. and Brown, Michael E. and Brunner, Robert J. and Bullock, James S. and Burgasser, Adam J. and Burge, James H. and Burke, David L. and Cargile, Phillip A. and Chandrasekharan, Srinivasan and Chartas, George and Chesley, Steven R. and Chu, You-Hua and Cinabro, David and Claire, Mark W. and Claver, Charles F. and Clowe, Douglas and Connolly, A. J. and Cook, Kem H. and Cooke, Jeff and Cooray, Asantha and Covey, Kevin R. and Culliton, Christopher S. and de Jong, Roelof and de Vries, Willem H. and Debattista, Victor P. and Delgado, Francisco and Dell'Antonio, Ian P. and Dhital, Saurav and Di Stefano, Rosanne and Dickinson, Mark and Dilday, Benjamin and Djorgovski, S. G. and Dobler, Gregory and Donalek, Ciro and Dubois-Felsmann, Gregory and Durech, Josef and Eliasdottir, Ardis and Eracleous, Michael and Eyer, Laurent and Falco, Emilio E. and Fan, Xiaohui and Fassnacht, Christopher D. and Ferguson, Harry C. and Fernandez, Yanga R. and Fields, Brian D. and Finkbeiner, Douglas and Figueroa, Eduardo E. and Fox, Derek B. and Francke, Harold and Frank, James S. and Frieman, Josh and Fromenteau, Sebastien and Furqan, Muhammad and Galaz, Gaspar and Gal-Yam, A. and Garnavich, Peter and Gawiser, Eric and Geary, John and Gee, Perry and Gibson, Robert R. and Gilmore, Kirk and Grace, Emily A. and Green, Richard F. and Gressler, William J. and Grillmair, Carl J. and Habib, Salman and Haggerty, J. S. and Hamuy, Mario and Harris, Alan W. and Hawley, Suzanne L. and Heavens, Alan F. and Hebb, Leslie and Henry, Todd J. and Hileman, Edward and Hilton, Eric J. and Hoadley, Keri and Holberg, J. B. and Holman, Matt J. and Howell, Steve B. and Infante, Leopoldo and Ivezi{\'c}, {\v Z}eljko and Jacoby, Suzanne H. and Jain, Bhuvnesh and R and Jedicke and Jee, M. James and Jernigan, J. Garrett and Jha, Saurabh W. and Johnston, Kathryn V. and Jones, R. Lynne and Juric, Mario and Kaasalainen, Mikko and Styliani and Kafka and Kahn, Steven M. and Kaib, Nathan A. and Kalirai, Jason and Kantor, Jeff and Kasliwal, Mansi M. and Keeton, Charles R. and Kessler, Richard and Knezevic, Zoran and Kowalski, Adam and Krabbendam, Victor L. and Krughoff, K. Simon and Kulkarni, Shrinivas and Kuhlman, Stephen and Lacy, Mark and Lepine, Sebastien and Liang, Ming and Lien, Amy and Lira, Paulina and Long, Knox S. and Lorenz, Suzanne and Lotz, Jennifer M. and Lupton, R. H. and Lutz, Julie and Macri, Lucas M. and Mahabal, Ashish A. and Mandelbaum, Rachel and Marshall, Phil and May, Morgan and McGehee, Peregrine M. and Meadows, Brian T. and Meert, Alan and Milani, Andrea and Miller, Christopher J. and Miller, Michelle and Mills, David and Minniti, Dante and Monet, David and Mukadam, Anjum S. and Nakar, Ehud and Neill, Douglas R. and Newman, Jeffrey A. and Nikolaev, Sergei and Nordby, Martin and O'Connor, Paul and Oguri, Masamune and Oliver, John and Olivier, Scot S. and Olsen, Julia K. and Olsen, Knut and Olszewski, Edward W. and Oluseyi, Hakeem and Padilla, Nelson D. and Parker, Alex and Pepper, Joshua and Peterson, John R. and Petry, Catherine and Pinto, Philip A. and Pizagno, James L. and Popescu, Bogdan and Prsa, Andrej and Radcka, Veljko and Raddick, M. Jordan and Rasmussen, Andrew and Rau, Arne and Rho, Jeonghee and Rhoads, James E. and Richards, Gordon T. and Ridgway, Stephen T. and Robertson, Brant E. and Roskar, Rok and Saha, Abhijit and Sarajedini, Ata and Scannapieco, Evan and Schalk, Terry and Schindler, Rafe and Schmidt, Samuel and Schmidt, Sarah and Schneider, Donald P. and Schumacher, German and Scranton, Ryan and Sebag, Jacques and Seppala, Lynn G. and Shemmer, Ohad and Simon, Joshua D. and Sivertz, M. and Smith, Howard A. and Smith, J. Allyn and Smith, Nathan and Spitz, Anna H. and Stanford, Adam and Stassun, Keivan G. and Strader, Jay and Strauss, Michael A. and Stubbs, Christopher W. and Sweeney, Donald W. and Szalay, Alex and Szkody, Paula and Takada, Masahiro and Thorman, Paul and Trilling, David E. and Trimble, Virginia and Tyson, Anthony and Van Berg, Richard and Berk, Daniel Vanden and VanderPlas, Jake and Verde, Licia and Vrsnak, Bojan and Walkowicz, Lucianne M. and Wandelt, Benjamin D. and Wang, Sheng and Wang, Yun and Warner, Michael and Wechsler, Risa H. and West, Andrew A. and Wiecha, Oliver and Williams, Benjamin F. and Willman, Beth and Wittman, David and Wolff, Sidney C. and Wood-Vasey, W. Michael and Wozniak, Przemek and Young, Patrick and Zentner, Andrew and Zhan, Hu},
	month = dec,
	year = {2009},
	note = {arXiv: 0912.0201},
}

@article{fevre_vimos_2005,
	title = {The {VIMOS} {VLT} deep survey - {First} epoch {VVDS}-deep survey: 11 564 spectra with 17.5 <= {I}\$\_{\textbackslash}textit\{{\textbackslash}textbf\{{\textbackslash}small {AB}\}\}\$ <= 24, and the redshift distribution over 0 <= z <= 5},
	volume = {439},
	copyright = {{\textcopyright} ESO, 2005},
	issn = {0004-6361, 1432-0746},
	shorttitle = {The {VIMOS} {VLT} deep survey - {First} epoch {VVDS}-deep survey},
	url = {https://doi.org/10.1051/0004-6361:20041960},
	doi = {10.1051/0004-6361:20041960},
	language = {en},
	number = {3},
	journal = {A\&A},
	author = {F{\`e}vre, O. Le and Vettolani, G. and Garilli, B. and Tresse, L. and Bottini, D. and Brun, V. Le and Maccagni, D. and Picat, J. P. and Scaramella, R. and Scodeggio, M. and Zanichelli, A. and Adami, C. and Arnaboldi, M. and Arnouts, S. and Bardelli, S. and Bolzonella, M. and Cappi, A. and Charlot, S. and Ciliegi, P. and Contini, T. and Foucaud, S. and Franzetti, P. and Gavignaud, I. and Guzzo, L. and Ilbert, O. and Iovino, A. and McCracken, H. J. and Marano, B. and Marinoni, C. and Mathez, G. and Mazure, A. and Meneux, B. and Merighi, R. and Paltani, S. and Pell{\`o}, R. and Pollo, A. and Pozzetti, L. and Radovich, M. and Zamorani, G. and Zucca, E. and Bondi, M. and Bongiorno, A. and Busarello, G. and Lamareille, F. and Mellier, Y. and Merluzzi, P. and Ripepi, V. and Rizzo, D.},
	month = sep,
	year = {2005},
	pages = {845--862},
}

@article{sadeh_annz2:_2016,
	title = {{ANNz}2: {Photometric} {Redshift} and {Probability} {Distribution} {Function} {Estimation} using {Machine} {Learning}},
	volume = {128},
	issn = {1538-3873},
	shorttitle = {{ANNz}2},
	url = {http://stacks.iop.org/1538-3873/128/i=968/a=104502},
	doi = {10.1088/1538-3873/128/968/104502},
	language = {en},
	number = {968},
	journal = {PASP},
	author = {Sadeh, I. and Abdalla, F. B. and Lahav, O.},
	year = {2016},
	pages = {104502},
}

@article{laycock_x-ray_2017,
	title = {The {X}-{Ray} {Binary} {Population} of the {Nearby} {Dwarf} {Starburst} {Galaxy} {IC} 10: {Variable} and {Transient} {X}-{Ray} {Sources}},
	volume = {836},
	issn = {0004-637X},
	shorttitle = {The {X}-{Ray} {Binary} {Population} of the {Nearby} {Dwarf} {Starburst} {Galaxy} {IC} 10},
	url = {http://stacks.iop.org/0004-637X/836/i=1/a=50},
	doi = {10.3847/1538-4357/836/1/50},
	language = {en},
	number = {1},
	journal = {ApJ},
	author = {Laycock, Silas and Cappallo, Rigel and Williams, Benjamin F. and Prestwich, Andrea and Binder, Breanna and Christodoulou, Dimitris M.},
	year = {2017},
	pages = {50},
}

@article{bilicki_photometric_2017,
	title = {Photometric redshifts for the {Kilo}-{Degree} {Survey}. {Machine}-learning analysis with artificial neural networks},
	url = {http://arxiv.org/abs/1709.04205},
	journal = {arXiv:1709.04205 [astro-ph]},
	author = {Bilicki, M. and Hoekstra, H. and Amaro, V. and Blake, C. and Brown, M. J. I. and Cavuoti, S. and de Jong, J. T. A. and Hildebrandt, H. and Wolf, C. and Amon, A. and Brescia, M. and Brough, S. and Costa-Duarte, M. V. and Erben, T. and Glazebrook, K. and Grado, A. and Heymans, C. and Jarrett, T. and Joudaki, S. and Kuijken, K. and Longo, G. and Napolitano, N. and Parkinson, D. and Vellucci, C. and Kleijn, G. A. Verdoes and Wang, L.},
	month = sep,
	year = {2017},
	note = {arXiv: 1709.04205},
}

@article{bailer-jones_gaia_2013,
	title = {The {Gaia} astrophysical parameters inference system ({Apsis}) - {Pre}-launch description},
	volume = {559},
	copyright = {{\textcopyright} ESO, 2013},
	issn = {0004-6361, 1432-0746},
	url = {https://www.aanda.org/articles/aa/abs/2013/11/aa22344-13/aa22344-13.html},
	doi = {10.1051/0004-6361/201322344},
	language = {en},
	journal = {A\&A},
	author = {Bailer-Jones, C. a. L. and Andrae, R. and Arcay, B. and Astraatmadja, T. and Bellas-Velidis, I. and Berihuete, A. and Bijaoui, A. and Carri{\'o}n, C. and Dafonte, C. and Damerdji, Y. and Dapergolas, A. and Laverny, P. de and Delchambre, L. and Drazinos, P. and Drimmel, R. and Fr{\'e}mat, Y. and Fustes, D. and Garc{\'i}a-Torres, M. and Gu{\'e}d{\'e}, C. and Heiter, U. and Janotto, A.-M. and Karampelas, A. and Kim, D.-W. and Knude, J. and Kolka, I. and Kontizas, E. and Kontizas, M. and Korn, A. J. and Lanzafame, A. C. and Lebreton, Y. and Lindstr{\o}m, H. and Liu, C. and Livanou, E. and Lobel, A. and Manteiga, M. and Martayan, C. and Ordenovic, Ch and Pichon, B. and Recio-Blanco, A. and Rocca-Volmerange, B. and Sarro, L. M. and Smith, K. and Sordo, R. and Soubiran, C. and Surdej, J. and Th{\'e}venin, F. and Tsalmantza, P. and Vallenari, A. and Zorec, J.},
	year = {2013},
	pages = {A74},
}

@inproceedings{connolly_end--end_2014,
	title = {An end-to-end simulation framework for the {Large} {Synoptic} {Survey} {Telescope}},
	volume = {9150},
	url = {https://www.spiedigitallibrary.org/conference-proceedings-of-spie/9150/915014/An-end-to-end-simulation-framework-for-the-Large-Synoptic/10.1117/12.2054953.short},
	doi = {10.1117/12.2054953},
	booktitle = {Proceedings {SPIE}},
	publisher = {International Society for Optics and Photonics},
	author = {Connolly, Andrew J. and Angeli, George Z. and Chandrasekharan, Srinivasan and Claver, Charles F. and Cook, Kem and Ivezi{\'c}, {\v Z}eljko and Jones, R. Lynne and Krughoff, K. Simon and Peng, En-Hsin and Peterson, John and Petry, Catherine and Rasmussen, Andrew P. and Ridgway, Stephen T. and Saha, Abhijit and Sembroski, Glenn and vanderPlas, Jacob and Yoachim, Peter},
	month = aug,
	year = {2014},
	pages = {915014},
}

@article{springel_simulations_2005,
	title = {Simulations of the formation, evolution and clustering of galaxies and quasars},
	volume = {435},
	copyright = {{\textcopyright} 2005 Nature Publishing Group},
	issn = {0028-0836},
	url = {https://www.nature.com/nature/journal/v435/n7042/full/nature03597.html},
	doi = {10.1038/nature03597},
	language = {en},
	number = {7042},
	journal = {Nature},
	author = {Springel, Volker and White, Simon D. M. and Jenkins, Adrian and Frenk, Carlos S. and Yoshida, Naoki and Gao, Liang and Navarro, Julio and Thacker, Robert and Croton, Darren and Helly, John and Peacock, John A. and Cole, Shaun and Thomas, Peter and Couchman, Hugh and Evrard, August and Colberg, J{\"o}rg and Pearce, Frazer},
	month = jun,
	year = {2005},
	pages = {629--636},
}

@article{mak_projected_2017,
	title = {Projected support points, with application to optimal {MCMC} reduction},
	url = {http://arxiv.org/abs/1708.06897},
	journal = {arXiv:1708.06897 [stat]},
	author = {Mak, Simon and Joseph, V. Roshan},
	month = aug,
	year = {2017},
	note = {arXiv: 1708.06897},
}

@article{radovich_searching_2017,
	title = {Searching for galaxy clusters in the {Kilo}-{Degree} {Survey}},
	volume = {598},
	copyright = {{\textcopyright} ESO, 2017},
	issn = {0004-6361, 1432-0746},
	url = {https://www.aanda.org/articles/aa/abs/2017/02/aa29353-16/aa29353-16.html},
	doi = {10.1051/0004-6361/201629353},
	language = {en},
	journal = {A\&A},
	author = {Radovich, M. and Puddu, E. and Bellagamba, F. and Roncarelli, M. and Moscardini, L. and Bardelli, S. and Grado, A. and Getman, F. and Maturi, M. and Huang, Z. and Napolitano, N. and McFarland, J. and Valentijn, E. and Bilicki, M.},
	month = feb,
	year = {2017},
	pages = {A107},
}

@article{de_jong_third_2017,
	title = {The third data release of the {Kilo}-{Degree} {Survey} and associated data products},
	volume = {604},
	doi = {10.1051/0004-6361/201730747},
	journal = {Astronomy and Astrophysics},
	author = {de Jong, A. Jelte T. and A, Jelte T. and Kleijn, Gijs A. Verdoes and Erben, Thomas and Hildebrandt, Hendrik and Kuijken, Konrad and Sikkema, Gert and Brescia, Massimo and Bilicki, Maciej and Napolitano, Nicola R. and Amaro, Valeria and Begeman, Kor G. and Boxhoorn, Danny R. and Buddelmeijer, Hugo and Cavuoti, Stefano and Getman, Fedor and Grado, Aniello and Helmich, Ewout and Huang, Zhuoyi and Irisarri, Nancy and La Barbera, Francesco and Longo, Giuseppe and McFarland, John P. and Nakajima, Reiko and Paolillo, Maurizio and Puddu, Emanuella and Radovich, Mario and Rifatto, Agatino and Tortora, Crescenzo and Valentijn, Edwin A. and Vellucci, Civita and Vriend, Willem-Jan and Amon, Alexandra and Blake, Chris and Choi, Ami and Conti, Ian Fenech and Gwyn, Stephen D. J. and Herbonnet, Ricardo and Heymans, Catherine and Hoekstra, Henk and Klaes, Dominik and Merten, Julian and Miller, Lance and Schneider, Peter and Viola, Massimo},
	month = aug,
	year = {2017},
	pages = {A134},
}

@article{bonnett_redshift_2016,
	title = {Redshift distributions of galaxies in the {Dark} {Energy} {Survey} {Science} {Verification} shear catalogue and implications for weak lensing},
	volume = {94},
	number = {4},
	journal = {Physical Review D},
	author = {Bonnett, Christopher and Troxel, M. A. and Hartley, William and Amara, Adam and Leistedt, Boris and Becker, Matthew R. and Bernstein, Gary M. and Bridle, Sarah Louise and Bruderer, Claudio and Busha, M. T.},
	year = {2016},
	pages = {042005},
}

@article{polsterer_uncertain_2016,
	title = {Uncertain {Photometric} {Redshifts}},
	url = {http://arxiv.org/abs/1608.08016},
	journal = {arXiv:1608.08016 [astro-ph]},
	author = {Polsterer, Kai Lars and D'Isanto, Antonio and Gieseke, Fabian},
	month = aug,
	year = {2016},
	note = {arXiv: 1608.08016},
}

@article{hildebrandt_kids-450:_2017,
	title = {{KiDS}-450: cosmological parameter constraints from tomographic weak gravitational lensing},
	volume = {465},
	issn = {0035-8711},
	shorttitle = {{KiDS}-450},
	url = {http://adsabs.harvard.edu/abs/2017MNRAS.465.1454H},
	doi = {10.1093/mnras/stw2805},
	journal = {Monthly Notices of the Royal Astronomical Society},
	author = {Hildebrandt, H. and Viola, M. and Heymans, C. and Joudaki, S. and Kuijken, K. and Blake, C. and Erben, T. and Joachimi, B. and Klaes, D. and Miller, L. and Morrison, C. B. and Nakajima, R. and Verdoes Kleijn, G. and Amon, A. and Choi, A. and Covone, G. and de Jong, J. T. A. and Dvornik, A. and Fenech Conti, I. and Grado, A. and Harnois-D{\'e}raps, J. and Herbonnet, R. and Hoekstra, H. and K{\"o}hlinger, F. and McFarland, J. and Mead, A. and Merten, J. and Napolitano, N. and Peacock, J. A. and Radovich, M. and Schneider, P. and Simon, P. and Valentijn, E. A. and van den Busch, J. L. and van Uitert, E. and Van Waerbeke, L.},
	month = feb,
	year = {2017},
	pages = {1454--1498},
}

@article{harnois-deraps_kids-450:_2017,
	title = {{KiDS}-450: tomographic cross-correlation of galaxy shear with {Planck} lensing},
	volume = {471},
	issn = {0035-8711},
	shorttitle = {{KiDS}-450},
	url = {https://academic.oup.com/mnras/article/471/2/1619/3922863},
	doi = {10.1093/mnras/stx1675},
	number = {2},
	journal = {Mon Not R Astron Soc},
	author = {Harnois-D{\'e}raps, Joachim and Tr{\"o}ster, Tilman and Chisari, Nora Elisa and Heymans, Catherine and van Waerbeke, Ludovic and Asgari, Marika and Bilicki, Maciej and Choi, Ami and Erben, Thomas and Hildebrandt, Hendrik and Hoekstra, Henk and Joudaki, Shahab and Kuijken, Konrad and Merten, Julian and Miller, Lance and Robertson, Naomi and Schneider, Peter and Viola, Massimo},
	month = oct,
	year = {2017},
	pages = {1619--1633},
}

@article{troster_cross-correlation_2017,
	title = {Cross-correlation of weak lensing and gamma rays: implications for the nature of dark matter},
	volume = {467},
	issn = {0035-8711},
	shorttitle = {Cross-correlation of weak lensing and gamma rays},
	url = {https://academic.oup.com/mnras/article/467/3/2706/2982886},
	doi = {10.1093/mnras/stx365},
	number = {3},
	journal = {Mon Not R Astron Soc},
	author = {Tr{\"o}ster, Tilman and Camera, Stefano and Fornasa, Mattia and Regis, Marco and van Waerbeke, Ludovic and Harnois-D{\'e}raps, Joachim and Ando, Shin'ichiro and Bilicki, Maciej and Erben, Thomas and Fornengo, Nicolao and Heymans, Catherine and Hildebrandt, Hendrik and Hoekstra, Henk and Kuijken, Konrad and Viola, Massimo},
	month = jun,
	year = {2017},
	pages = {2706--2722},
}

@article{clampitt_galaxygalaxy_2017,
	title = {Galaxy{\textendash}galaxy lensing in the {Dark} {Energy} {Survey} {Science} {Verification} data},
	volume = {465},
	issn = {0035-8711},
	url = {https://academic.oup.com/mnras/article/465/4/4204/2556144},
	doi = {10.1093/mnras/stw2988},
	number = {4},
	journal = {Mon Not R Astron Soc},
	author = {Clampitt, J. and S{\'a}nchez, C. and Kwan, J. and Krause, E. and MacCrann, N. and Park, Y. and Troxel, M. A. and Jain, B. and Rozo, E. and Rykoff, E. S. and Wechsler, R. H. and Blazek, J. and Bonnett, C. and Crocce, M. and Fang, Y. and Gaztanaga, E. and Gruen, D. and Jarvis, M. and Miquel, R. and Prat, J. and Ross, A. J. and Sheldon, E. and Zuntz, J. and Abbott, T. M. C. and Abdalla, F. B. and Armstrong, R. and Becker, M. R. and Benoit-L{\'e}vy, A. and Bernstein, G. M. and Bertin, E. and Brooks, D. and Burke, D. L. and Carnero Rosell, A. and Carrasco Kind, M. and Cunha, C. E. and D'Andrea, C. B. and Costa, Da and N, L. and Desai, S. and Diehl, H. T. and Dietrich, J. P. and Doel, P. and Estrada, J. and Evrard, A. E. and Fausti Neto, A. and Flaugher, B. and Fosalba, P. and Frieman, J. and Gruendl, R. A. and Honscheid, K. and James, D. J. and Kuehn, K. and Kuropatkin, N. and Lahav, O. and Lima, M. and March, M. and Marshall, J. L. and Martini, P. and Melchior, P. and Mohr, J. J. and Nichol, R. C. and Nord, B. and Plazas, A. A. and Romer, A. K. and Sanchez, E. and Scarpine, V. and Schubnell, M. and Sevilla-Noarbe, I. and Smith, R. C. and Soares-Santos, M. and Sobreira, F. and Suchyta, E. and Swanson, M. E. C. and Tarle, G. and Thomas, D. and Vikram, V. and Walker, A. R.},
	month = mar,
	year = {2017},
	pages = {4204--4218},
}

@article{choi_cfhtlens_2016,
	title = {{CFHTLenS} and {RCSLenS}: testing photometric redshift distributions using angular cross-correlations with spectroscopic galaxy surveys},
	volume = {463},
	issn = {0035-8711},
	shorttitle = {{CFHTLenS} and {RCSLenS}},
	url = {https://academic.oup.com/mnras/article/463/4/3737/2646329},
	doi = {10.1093/mnras/stw2241},
	number = {4},
	journal = {Mon Not R Astron Soc},
	author = {Choi, A. and Heymans, C. and Blake, C. and Hildebrandt, H. and Duncan, C. a. J. and Erben, T. and Nakajima, R. and Van Waerbeke, L. and Viola, M.},
	month = dec,
	year = {2016},
	pages = {3737--3754},
}

@article{applegate_weighing_2014,
	title = {Weighing the {Giants} {\textendash} {III}. {Methods} and measurements of accurate galaxy cluster weak-lensing masses},
	volume = {439},
	issn = {0035-8711},
	url = {https://academic.oup.com/mnras/article/439/1/48/963939},
	doi = {10.1093/mnras/stt2129},
	number = {1},
	journal = {Mon Not R Astron Soc},
	author = {Applegate, Douglas E. and von der Linden, Anja and Kelly, Patrick L. and Allen, Mark T. and Allen, Steven W. and Burchat, Patricia R. and Burke, David L. and Ebeling, Harald and Mantz, Adam and Morris, R. Glenn},
	month = mar,
	year = {2014},
	pages = {48--72},
}

@article{polsterer_dealing_2016,
	title = {Dealing with {Uncertain} {Multimodal} {Photometric} {Redshift} {Estimations}},
	volume = {12},
	issn = {1743-9213, 1743-9221},
	url = {https://www.cambridge.org/core/journals/proceedings-of-the-international-astronomical-union/article/dealing-with-uncertain-multimodal-photometric-redshift-estimations/28C34F4C86E013E752580331784A965A},
	doi = {10.1017/S1743921316013089},
	number = {S325},
	journal = {Proceedings of the International Astronomical Union},
	author = {Polsterer, Kai L.},
	month = oct,
	year = {2016},
	pages = {156--165},
}

@article{amaro_metaphor:_2016,
	title = {{METAPHOR}: {Probability} density estimation for machine learning based photometric redshifts},
	volume = {12},
	issn = {1743-9213, 1743-9221},
	shorttitle = {{METAPHOR}},
	url = {https://www.cambridge.org/core/journals/proceedings-of-the-international-astronomical-union/article/metaphor-probability-density-estimation-for-machine-learning-based-photometric-redshifts/2E414C2A511237966DF4D235C0363679},
	doi = {10.1017/S1743921317002186},
	number = {S325},
	journal = {Proceedings of the International Astronomical Union},
	author = {Amaro, V. and Cavuoti, S. and Brescia, M. and Vellucci, C. and Tortora, C. and Longo, G.},
	month = oct,
	year = {2016},
	pages = {197--200},
}

@article{hoyle_dark_2017,
	title = {Dark {Energy} {Survey} {Year} 1 {Results}: {Redshift} distributions of the weak lensing source galaxies},
	shorttitle = {Dark {Energy} {Survey} {Year} 1 {Results}},
	url = {http://arxiv.org/abs/1708.01532},
	journal = {arXiv:1708.01532 [astro-ph]},
	author = {Hoyle, B. and Gruen, D. and Bernstein, G. M. and Rau, M. M. and De Vicente, J. and Hartley, W. G. and Gaztanaga, E. and DeRose, J. and Troxel, M. A. and Davis, C. and Alarcon, A. and MacCrann, N. and Prat, J. and S{\'a}nchez, C. and Sheldon, E. and Wechsler, R. H. and Asorey, J. and Becker, M. R. and Bonnett, C. and Rosell, A. Carnero and Carollo, D. and Kind, M. Carrasco and Castander, F. J. and Cawthon, R. and Chang, C. and Childress, M. and Davis, T. M. and Drlica-Wagner, A. and Gatti, M. and Glazebrook, K. and Gschwend, J. and Hinton, S. R. and Hoormann, J. K. and Kim, A. G. and King, A. and Kuehn, K. and Lewis, G. and Lidman, C. and Lin, H. and Macaulay, E. and Maia, M. A. G. and Martini, P. and Mudd, D. and M{\"o}ller, A. and Nichol, R. C. and Ogando, R. L. C. and Rollins, R. P. and Roodman, A. and Ross, A. J. and Rozo, E. and Rykoff, E. S. and Samuroff, S. and Sevilla-Noarbe, I. and Sharp, R. and Sommer, N. E. and Tucker, B. E. and Uddin, S. A. and Varga, T. N. and Vielzeuf, P. and Yuan, F. and Zhang, B. and Abbott, T. M. C. and Abdalla, F. B. and Allam, S. and Annis, J. and Bechtol, K. and Benoit-L{\'e}vy, A. and Bertin, E. and Brooks, D. and Buckley-Geer, E. and Burke, D. L. and Busha, M. T. and Capozzi, D. and Carretero, J. and Crocce, M. and D'Andrea, C. B. and da Costa, L. N. and DePoy, D. L. and Desai, S. and Diehl, H. T. and Doel, P. and Eifler, T. F. and Estrada, J. and Evrard, A. E. and Fernandez, E. and Flaugher, B. and Fosalba, P. and Frieman, J. and Garc{\'i}a-Bellido, J. and Gerdes, D. W. and Giannantonio, T. and Goldstein, D. A. and Gruendl, R. A. and Gutierrez, G. and Honscheid, K. and James, D. J. and Jarvis, M. and Jeltema, T. and Johnson, M. W. G. and Johnson, M. D. and Kirk, D. and Krause, E. and Kuhlmann, S. and Kuropatkin, N. and Lahav, O. and Li, T. S. and Lima, M. and March, M. and Marshall, J. L. and Melchior, P. and Menanteau, F. and Miquel, R. and Nord, B. and O'Neill, C. R. and Plazas, A. A. and Romer, A. K. and Sako, M. and Sanchez, E. and Santiago, B. and Scarpine, V. and Schindler, R. and Schubnell, M. and Smith, M. and Smith, R. C. and Soares-Santos, M. and Sobreira, F. and Suchyta, E. and Swanson, M. E. C. and Tarle, G. and Thomas, D. and Tucker, D. L. and Vikram, V. and Walker, A. R. and Weller, J. and Wester, W. and Wolf, R. C. and Yanny, B. and Zuntz, J.},
	month = aug,
	year = {2017},
	note = {arXiv: 1708.01532},
}
